<?xml version="1.0" encoding="UTF-8"?><collection xmlns="http://www.loc.gov/MARC21/slim"><record><leader>00360nam--2200121-i-4500</leader><controlfield tag="001">000005951</controlfield><controlfield tag="002">20161230</controlfield><controlfield tag="005">20170211235758</controlfield><controlfield tag="008">060222s1000------------r-----000-0-eng-d</controlfield><datafield ind1=" " ind2=" " tag="245"><subfield code="a">Caracteristiques universelles des transistors - types B.F.Faible Puissance</subfield></datafield><datafield ind1=" " ind2=" " tag="260"><subfield code="a">Paris</subfield><subfield code="b">Societe Des Editions Radio</subfield><subfield code="c">1960-1961</subfield></datafield><datafield ind1=" " ind2=" " tag="300"><subfield code="a">40 p</subfield></datafield><datafield ind1=" " ind2=" " tag="CAT"><subfield code="a">SYS</subfield><subfield code="c">20170211</subfield><subfield code="h">235758</subfield></datafield></record></collection>